%% LaTeX2e file `refs.bib'
%% generated by the `filecontents' environment
%% from source `callameeting' on 2015/01/13.
%%

@online{haar,
title = {Tutorial On Haar Cascades},
url = {http://docs.opencv.org/trunk/doc/py\_tutorials/py\_objdetect/py\_face\_detection/py\_face\_detection.html},
organization = {OpenCV},
year = {2014},
urldate = {2015-01-06},
}

@online{git,
ALTauthor = {Joe Howse},
ALTeditor = {editor},
title = {haarcascades},
url = {https://github.com/Itseez/opencv/tree/master/data/haarcascades},
organization = {OpenCV},
day = {27},
month = {dec},
year = {2014},
urldate = {2015-01-06},
}

@INPROCEEDINGS{990517,
author={Viola, P. and Jones, M.},
booktitle={Computer Vision and Pattern Recognition, 2001. CVPR 2001. Proceedings of the 2001 IEEE Computer Society Conference on},
title={Rapid object detection using a boosted cascade of simple features},
year={2001},
month={},
volume={1},
pages={I-511-I-518 vol.1},
doi={10.1109/CVPR.2001.990517},
ISSN={1063-6919},}

@online{marco,
author = {Marco Becerra},
title = {Leg Detector},
url = {https://github.com/marcobecerrap/leg\_detector},
day = {12},
month = {nov},
year = {2014},
urldate = {2015-01-06},
}

@ARTICLE{4695975,
author={Bellotto, N. and Huosheng Hu},
journal={Systems, Man, and Cybernetics, Part B: Cybernetics, IEEE Transactions on},
title={Multisensor-Based Human Detection and Tracking for Mobile Service Robots},
year={2009},
month={Feb},
volume={39},
number={1},
pages={167-181},
doi={10.1109/TSMCB.2008.2004050},
ISSN={1083-4419},}

@online{ros,
title = {ROS.org},
url = {http://www.ros.org/}, %core-components/},
organization = {Open Source Robotics Foundation},
urldate = {2015-01-06},
}

@online{rospy,
title = {rospy - ROS Wiki},
url = {http://wiki.ros.org/rospy},
organization = {Open Source Robotics Foundation},
day = {31},
month = {dec},
year = {2013},
urldate = {2015-01-06},
}

@ARTICLE{75902,
author={Cox, Ingemar J.},
journal={Robotics and Automation, IEEE Transactions on},
title={Blanche-an experiment in guidance and navigation of an autonomous robot vehicle},
year={1991},
month={Apr},
volume={7},
number={2},
pages={193-204},
doi={10.1109/70.75902},
ISSN={1042-296X},}

@book{Murphy:2000:IAR:517685,
 author = {Murphy, Robin R.},
 title = {Introduction to AI Robotics},
 year = {2000},
 isbn = {0262133830},
 edition = {1st},
 publisher = {MIT Press},
 address = {Cambridge, MA, USA},
}

@online{pp,
author = {Peter Parente},
title = {pyttsx - Text-to-speech x-platform},
date = {2014-08-24},
url = {http://pyttsx.readthedocs.org/en/latest/},
urldate = {2015-01-13},
}

@inproceedings{Fikes:1971:SNA:1622876.1622939,
 author = {Fikes, Richard E. and Nilsson, Nils J.},
 title = {STRIPS: A New Approach to the Application of Theorem Proving to Problem Solving},
 booktitle = {Proceedings of the 2Nd International Joint Conference on Artificial Intelligence},
 series = {IJCAI'71},
 year = {1971},
 location = {London, England},
 pages = {608--620},
 numpages = {13},
 url = {http://dl.acm.org/citation.cfm?id=1622876.1622939},
 acmid = {1622939},
 publisher = {Morgan Kaufmann Publishers Inc.},
 address = {San Francisco, CA, USA},
}

@book{Thrun:2005:PR:1121596,
 author = {Thrun, Sebastian and Burgard, Wolfram and Fox, Dieter},
 title = {Probabilistic Robotics (Intelligent Robotics and Autonomous Agents)},
 year = {2005},
 isbn = {0262201623},
 publisher = {The MIT Press},
}

@online{kl,
title = {Probabilistic Roadmap Method (PRM)},
url = {http://www.kavrakilab.org/robotics/prm.html},
organization = {Kavraki Lab, Rice University},
urldate = {2015-01-13},
}

@online{stan,
title = {Motion Planning in Robotics},
url = {http://cs.stanford.edu/people/eroberts/courses/soco/projects/1998-99/robotics/basicmotion.html},
organization = {Stanford University},
urldate = {2015-01-13},
}


